@article{meidan_2017_unauthorized,
  author = {Yair Meidan and
           	Michael Bohadana and
           	Asaf Shabtai and
           	Mart{\'{\i}}n Ochoa and
           	Nils Ole Tippenhauer and
           	Juan David Guarnizo and
           	Yuval Elovici},
  title 	= {Detection of Unauthorized IoT Devices Using Machine Learning Techniques},
  journal   = {CoRR},
  volume	= {abs/1709.04647},
  year  	= {2017},
  archivePrefix = {arXiv},
  eprint	= {1709.04647}
}
 
@misc{greenough_2016_website,
  title={How the 'Internet of Things' will impact consumers, businesses, and governments in 2016 and beyond},
  url={https://www.businessinsider.de/how-the-internet-of-things-market-will-grow-2014-10},
  journal={Business Insider},
  author={John Greenough},
  year={2016},
  month={Jul},
  note = {[accessed 10-May-2018]}
}
 

@inproceedings{miettinen2017iot,
  title={IoT Sentinel: Automated device-type identification for security enforcement in IoT},
  author={Miettinen, Markus and Marchal, Samuel and Hafeez, Ibbad and Asokan, N and Sadeghi, Ahmad-Reza and Tarkoma, Sasu},
  booktitle={Distributed Computing Systems (ICDCS), 2017 IEEE 37th International Conference on},
  pages={2177--2184},
  year={2017},
  organization={IEEE}
}

@article{amar2018analysis,
  title={An Analysis of Home IoT Network Traffic and Behaviour},
  author={Amar, Yousef and Haddadi, Hamed and Mortier, Richard and Brown, Anthony and Colley, James and Crabtree, Andy},
  journal={arXiv preprint arXiv:1803.05368},
  year={2018}
}

@misc{edprosser_2016, 
title={Use the simulated device to experience the IBM Watson IoT Platform - developerWorks Recipes}, url={https://developer.ibm.com/recipes/tutorials/use-the-simulated-device-to-experience-the-iot-foundation/},
journal={The developerWorks Blog}, 
author={EdProsser}, 
year={2016}, 
month={Jul},
note = {[accessed 10-May-2018]}
}

@misc{rapid_iot_application_development, 
title={IoTIFY- Develop full stack IoT Application with virtual device simulation}, url={https://iotify.io/}, 
journal={Rapid IoT Application Development},
note = {[accessed 10-May-2018]}
}

@misc{attify_iot_and_mobile_security, 
title={Home}, 
url={https://www.attify.com/}, 
journal={Attify IoT and Mobile security},
note = {[accessed 10-May-2018]}}

@misc{free_hacking_articles, 
title={Active Vs. Passive Sniffing}, url={http://powhack.blogspot.com/2014/08/active-vs-passive-sniffing.html}, 
journal={Free Hacking Articles},
note = {[accessed 10-May-2018]}}

